
@book{theory_statement_1966,
	title = {A statement of basic accounting theory},
	publisher = {American Accounting Association},
	author = {Theory, American Accounting Association Committee to Prepare a Statement of Basic Accounting},
	year = {1966},
	file = {Hutter09PhD-Automated config of algos for solving hard comp'l problems.pdf:/Users/drewblunt/Documents/2014-2015/thesis/bib/Hutter09PhD-Automated config of algos for solving hard comp'l problems.pdf:application/pdf}
}

@article{caschera_automated_2010,
	title = {Automated {Discovery} of {Novel} {Drug} {Formulations} {Using} {Predictive} {Iterated} {High} {Throughput} {Experimentation}},
	volume = {5},
	issn = {1932-6203},
	url = {http://dx.plos.org/10.1371/journal.pone.0008546},
	doi = {10.1371/journal.pone.0008546},
	language = {en},
	number = {1},
	urldate = {2014-08-26},
	journal = {PLoS ONE},
	author = {Caschera, Filippo and Gazzola, Gianluca and Bedau, Mark A. and Bosch Moreno, Carolina and Buchanan, Andrew and Cawse, James and Packard, Norman and Hanczyc, Martin M.},
	editor = {Bongard, Josh},
	month = jan,
	year = {2010},
	pages = {e8546},
	file = {caschera PLoSONE2010.pdf:/Users/drewblunt/Library/Application Support/Zotero/Profiles/rkc5gd5x.default/zotero/storage/CWWHXT28/caschera PLoSONE2010.pdf:application/pdf}
}

@book{hamadi_autonomous_2012,
	address = {Berlin, Heidelberg},
	title = {Autonomous {Search}},
	isbn = {978-3-642-21433-2, 978-3-642-21434-9},
	url = {http://link.springer.com/10.1007/978-3-642-21434-9},
	language = {en},
	urldate = {2015-02-22},
	publisher = {Springer Berlin Heidelberg},
	editor = {Hamadi, Youssef and Monfroy, Eric and Saubion, Frédéric},
	year = {2012},
	file = {Autonomous Search HMF.pdf:/Users/drewblunt/Documents/2014-2015/thesis/bib/Autonomous Search HMF.pdf:application/pdf}
}

@article{caschera_coping_2011,
	title = {Coping with complexity: {Machine} learning optimization of cell-free protein synthesis},
	volume = {108},
	issn = {00063592},
	shorttitle = {Coping with complexity},
	url = {http://doi.wiley.com/10.1002/bit.23178},
	doi = {10.1002/bit.23178},
	language = {en},
	number = {9},
	urldate = {2014-08-26},
	journal = {Biotechnology and Bioengineering},
	author = {Caschera, Filippo and Bedau, Mark A. and Buchanan, Andrew and Cawse, James and de Lucrezia, Davide and Gazzola, Gianluca and Hanczyc, Martin M. and Packard, Norman H.},
	month = sep,
	year = {2011},
	pages = {2218--2228},
	file = {caschera et al BioTechBioEng 2011.pdf:/Users/drewblunt/Library/Application Support/Zotero/Profiles/rkc5gd5x.default/zotero/storage/893PD35E/caschera et al BioTechBioEng 2011.pdf:application/pdf}
}

@article{jones_efficient_1998,
	title = {Efficient global optimization of expensive black-box functions},
	volume = {13},
	url = {http://link.springer.com/article/10.1023/A:1008306431147},
	number = {4},
	urldate = {2014-08-26},
	journal = {Journal of Global optimization},
	author = {Jones, Donald R. and Schonlau, Matthias and Welch, William J.},
	year = {1998},
	pages = {455--492},
	file = {jones EGO.pdf:/Users/drewblunt/Library/Application Support/Zotero/Profiles/rkc5gd5x.default/zotero/storage/DZBB7EGQ/jones EGO.pdf:application/pdf}
}

@book{rasmussen_gaussian_2006,
	title = {Gaussian {Processes} for {Machine} {Learning}},
	isbn = {026218253X},
	url = {http://lasa.epfl.ch/teaching/lectures/ML_Phd/Notes/GP-GMM.pdf},
	urldate = {2015-02-22},
	publisher = {MIT Press},
	author = {Rasmussen, C. E. and {Williams, C. K. I.}},
	year = {2006},
	file = {RasmussenWilliam-Gaussian Processes for Machine Learning.pdf:/Users/drewblunt/Documents/2014-2015/thesis/bib/RasmussenWilliam-Gaussian Processes for Machine Learning.pdf:application/pdf}
}